@article{lillicrap2015continuous,
  title={Continuous control with deep reinforcement learning},
  author={Lillicrap, Timothy P and Hunt, Jonathan J and Pritzel, Alexander and Heess, Nicolas and Erez, Tom and Tassa, Yuval and Silver, David and Wierstra, Daan},
  journal={arXiv preprint arXiv:1509.02971},
  year={2015}
}

@article{prioritizedreplay,
author = {Hou, Yuenan and Zhang, Yi},
year = {2019},
month = {05},
pages = {},
title = {Improving DDPG via Prioritized Experience Replay (RL course report)},
doi = {10.13140/RG.2.2.23694.41287}
}

@book{sutton2018reinforcement,
  title={Reinforcement learning: An introduction},
  author={Sutton, Richard S and Barto, Andrew G},
  year={2018},
  publisher={MIT press}
}